@book{OSU,
  title={An introduction to mathematical cryptography},
  author={Hoffstein, Jeffrey and Pipher, Jill and Silverman, Joseph H and Silverman, Joseph H},
  volume={1},
  year={2008},
  publisher={Springer}
}
Southward, J., Goo, M. (2019). Repeated reading as an intervention for high school students identified with a specific learning disability. International Journal of Special Education, 34(1), 255–270.
@article{1,
    author = "Southward, J., Goo, M." ,
    title = "Repeated reading as an intervention for high school students identified with a specific learning disability",
    journal = "International Journal of Special Education",
    year = "2019" ,
    page = "255–270",
    volumn="34",
}